<record><leader>00000cas a22000007a 4500</leader><controlfield tag="001">15121929</controlfield><controlfield tag="008">870128d18571859iauwr ne      0    0eng d</controlfield><datafield ind1=" " ind2=" " tag="010"><subfield code="a">sn 87058020 </subfield></datafield><datafield ind1=" " ind2=" " tag="040"><subfield code="a">INP</subfield><subfield code="b">eng</subfield><subfield code="c">INP</subfield><subfield code="d">OCLCQ</subfield></datafield><datafield ind1=" " ind2=" " tag="042"><subfield code="a">msc</subfield></datafield><datafield ind1="0" ind2="4" tag="245"><subfield code="a">The Albia weekly Republican.</subfield></datafield><datafield ind1="3" ind2="0" tag="246"><subfield code="a">Albia Republican</subfield></datafield><datafield ind1=" " ind2=" " tag="260"><subfield code="a">[Albia], Monroe County, Iowa :</subfield><subfield code="b">A.R. Barnes,</subfield><subfield code="c">-1859.</subfield></datafield><datafield ind1=" " ind2=" " tag="300"><subfield code="a">v. :</subfield><subfield code="b">ill. ;</subfield><subfield code="c">55 cm.</subfield></datafield><datafield ind1=" " ind2=" " tag="310"><subfield code="a">Weekly</subfield></datafield><datafield ind1="1" ind2=" " tag="362"><subfield code="a">Began Nov. 5, 1857.</subfield><subfield code="z">Cf. Bibl. of Iowa newspapers.</subfield></datafield><datafield ind1="0" ind2=" " tag="362"><subfield code="a">-Dec. 29, 1859.</subfield></datafield><datafield ind1=" " ind2=" " tag="500"><subfield code="a">Publisher varies.</subfield></datafield><datafield ind1=" " ind2=" " tag="588"><subfield code="a">Description based on: Vol. 2, no. 1 (Jan. 5, 1859).</subfield></datafield><datafield ind1=" " ind2=" " tag="752"><subfield code="a">United States</subfield><subfield code="b">Iowa</subfield><subfield code="c">Monroe</subfield><subfield code="d">Albia.</subfield></datafield><datafield ind1="0" ind2="0" tag="785"><subfield code="t">Monroe County sentinel</subfield></datafield></record>